<?xml version="1.0" encoding="UTF-8"?><collection xmlns="http://www.loc.gov/MARC21/slim"><record><leader>00350nam--2200121-i-4500</leader><controlfield tag="001">000041756</controlfield><controlfield tag="002">20161230</controlfield><controlfield tag="005">20161230201043</controlfield><controlfield tag="008">060222s1000------------r-----000-0-eng-d</controlfield><datafield ind1=" " ind2=" " tag="245"><subfield code="a">Sistemul informational economic in intreprinderi</subfield></datafield><datafield ind1=" " ind2=" " tag="260"><subfield code="a">Bucuresti, Inst.Nat.De Inf.Si Doc.St.Si Tehnica, 1973. 79 P</subfield></datafield><datafield ind1=" " ind2=" " tag="490"><subfield code="a">Culegere De Traduceri</subfield></datafield><datafield ind1=" " ind2=" " tag="852"><subfield code="a">39894</subfield></datafield></record></collection>